111111111111111111111113331111111111133333333333325555523333333333333311133111111111111111111111333311133
111111111111111111111113311111111313333359000008996666699800000953333111111111111111331311111113131111133
111111111111111111131113311111313333900045555555555555555555555560006333333111133330833311133111331111333
111111111111111111111111111133336009455555555555555555555555555555556800533311332002331111111111331111113
111111111111111111111113313335009555555555555555555555554444444555555554808233360211111111111131131111133
333131113111111111111133333809555555555555555555555555546000000844555555554005003311111113333333131111133
333333333333333331111133380655555555555555555555555555406777777790645555555560053311113350043331111133133
698089452333333333333339065555555555555555555555555555987777777777804455555408400311334083331111131111333
444444444446666998894409555555555555555555555555555544017777777777720444464094446093506311111111131111133
664444444444444444440045555555555555555555555449889444037777777777771002770940094400031111111111131111133
888800000966644444408555555555555555555555546097777400807777777777777827728777770000031111111113333111133
988880000000800000085555555555555555555554480777777777405777777777777707787777772040003311113333233311113
555555554466699800955555555555555555555554407777777777770777777777777307777777726777000333329009533333113
845555555555555409555555555555555555555554687777777777777027777777700007777777777777720838083331333333333
999045555555555005555555555555555555555554607777777777777700777777760057777777777777776002111133133111133
999045555555559055555555555555555555555544407777777777777746800888050377777777777777207203111111111111113
444455555555550955555555555555555555554449000777777777770000088888886777777777777740777709111111131111133
555555555555580455555555555555555555446007774677777777780000088718888777777777777777777720331111111111133
555555555555508555555555555555555554604777777207777777777302808888807777777777777777707770231111331111133
555555555555604555554444444444444490277777777778977777777507771006730777777777777777783770211111111111133
555555555555905555556000000000000086900006177777740677790777777777777077777777777777766778531111331111133
555555555555904555555555555554490777777777777777777777777777777777777707777777777777748778431111131111133
444555555555804555555555555554087777777777777777777777777777777777777770777777777777766770531111131111133
000000000000005555555555555540077777777777777777777777777777777777777772077777777777701770211111333311133
555555555544905555554555555488777777777777777777777777777777777777777777057777777777707770311111133311133
555555555555604555555455446804354800000000007777777777777777777777777777707777777777657798111111333331133
000055555555508555544000086047777777777777777777777777777777777777777777730777777771077705111111333333133
998845555555590455555555556077777777777777777777777777777777777777777777770577777770777581111111331111133
000045555555550945555555546077777777777777777777777777777777777777777777777077777707777031131111331111113
555555555555540055555555549077777777773000097777777777777777777777777777777077773077770413311111331111113
555555555555540004555555546077775909177777777777777777777777777777777777777397706777789113111113131111133
555555555555540900455554449000677777777777777777777777777777777777777777777708077777061111111133331111133
555555222555540940055556006007777777777777777777777777777777777777777777771087777730911111111311331111133
555522255555540944004555555407777777777777777777777777777777777777777773087777772080001111111111331111133
555555255555540955400455555540777777777777777777777777777777777777760067777777008800406111111111133311113
555555555555540955584005555556077777777777777700896644444699000067777777760088888065580311111111131111133
555555555555540955592280945555406777777777777777777777777777777777720000008888809555560211111111331111133
669988000000000855582222009454449077777777777777777777777740000088880510008800455555540411111111331131133
555555555555540955582222808000000000000000000000000888888888888888800023885300655509440431111111333313333
555555555555540945582250055556000888888888888888888888888888888800005303503160904440840531111333333333333
000855555555540955582508555555555446000000008888888000000000577777100311110907770946080233111111333311333
999855555555540955582085555555555555555555554444444555490477777777777409680377777004000111111113331111133
988055555555540955588045555555555555555555555555555544047777777777777777777777777709601111111111131111133
455555555555540945580955555555555555555555555555554480777777777777777777777777777770603111111111131111133
555555555555540945400555555554494555555555555555554097777777777777777777758008903770804111111111331311133
555555555555540955400555555554404555555555555555440077777777777775000877777777770778009111111111331133333
555555522555540955400555555544084555555555555554460777777772806177777777777777770779008311111133333333333
552225522555540955400655555460855555555555555554407777740677777777777777777777770770808113111333333333333
552222222555540955499064444004555555555555555554607777707777777777777777777777754770406111111111111111111
552222222555540955463500080655555555555555555555807777707777777777777777777777707798605111111111111111111
555555555555540955663330020655555555555555555554807777785777777777777777777777077404605555555555555555555
